@book{pennebaker2001linguistic,
  title={Linguistic Inquiry and Word Count: LIWC},
  author={Pennebaker, James W.},
  year={2001},
  publisher={Erlbaum}
}
@article{bradley1994measuring,
  title={Measuring emotion: The Self-Assessment Manikin and the semantic differential},
  author={Bradley, Margaret M. and Lang, Peter J.},
  journal={Journal of Behavior Therapy and Experimental Psychiatry},
  volume={25},
  number={1},
  pages={49--59},
  year={1994}
}
@article{raichle2001default,
  title={A default mode of brain function},
  author={Raichle, Marcus E. et al.},
  journal={Proceedings of the National Academy of Sciences},
  volume={98},
  number={2},
  pages={676--682},
  year={2001}
}
@article{akiki2019dmn,
  title={The default mode network in posttraumatic stress disorder: Meta-analysis},
  author={Akiki, Teddy J. and Abdallah, Chadi G.},
  journal={Chronic Stress},
  volume={3},
  pages={2470547019868099},
  year={2019}
}
@article{bruna2018alpha,
  title={Alpha band entropy and PTSD: EEG studies},
  author={Bru√±a, R. et al.},
  journal={Frontiers in Psychology},
  volume={9},
  pages={1968},
  year={2018}
}
@article{kleim2016memory,
  title={Memory decay in PTSD: Empirical analysis},
  author={Kleim, Birgit et al.},
  journal={Clinical Psychological Science},
  volume={4},
  number={5},
  pages={944--956},
  year={2016}
}
@article{wixted2004the,
  title={The psychology and neuroscience of forgetting},
  author={Wixted, John T.},
  journal={Annual Review of Psychology},
  volume={55},
  pages={235--269},
  year={2004}
}
